<record xmlns='http://www.loc.gov/MARC21/slim'><leader>01258cim a22003132u 4500</leader><controlfield tag='001'>3602048</controlfield><controlfield tag='005'>20151214183019.0</controlfield><controlfield tag='007'>ss|lmnjluz|nuu</controlfield><controlfield tag='008'>991101s1988    nyunnn         l    eng d</controlfield><datafield ind1=' ' ind2=' ' tag='035'><subfield code='a'>(NIC)notisASF9113</subfield></datafield><datafield ind1=' ' ind2=' ' tag='035'><subfield code='a'>3602048</subfield></datafield><datafield ind1=' ' ind2=' ' tag='035'><subfield code='a'>(OCoLC)63898688</subfield></datafield><datafield ind1=' ' ind2=' ' tag='040'><subfield code='a'>NIC</subfield><subfield code='c'>NIC</subfield><subfield code='d'>NIC</subfield><subfield code='d'>NIC</subfield></datafield><datafield ind1='1' ind2=' ' tag='100'><subfield code='a'>Naylor, Gloria.</subfield></datafield><datafield ind1='1' ind2='4' tag='245'><subfield code='a'>The evolution of a writer&apos;s voice: Gloria Naylor reads and reflects on her own work</subfield><subfield code='h'>[sound recording]</subfield></datafield><datafield ind1=' ' ind2=' ' tag='260'><subfield code='c'>1988.</subfield></datafield><datafield ind1=' ' ind2=' ' tag='300'><subfield code='a'>1 sound cassette :</subfield><subfield code='b'>analog, mono.</subfield></datafield><datafield ind1=' ' ind2=' ' tag='500'><subfield code='a'>Recorded in Ithaca, NY by Cornell University.</subfield></datafield><datafield ind1=' ' ind2=' ' tag='500'><subfield code='a'>Sponsored by: Society for the Humanities.</subfield></datafield><datafield ind1=' ' ind2=' ' tag='500'><subfield code='a'>Speaker(s): Author of &quot;The Women of Brewster Place&quot;, &quot;Mama Day&quot; and &quot;Linden Hills&quot;.</subfield></datafield><datafield ind1=' ' ind2=' ' tag='518'><subfield code='a'>Reading, November 21, 1988.</subfield></datafield><datafield ind1=' ' ind2=' ' tag='520'><subfield code='a'>Naylor describes the development of her literary voice and suggests that the legion of voices which have preceded her have molded hers into what it is today.</subfield></datafield><datafield ind1=' ' ind2='0' tag='650'><subfield code='a'>Women authors.</subfield></datafield><datafield ind1=' ' ind2='0' tag='650'><subfield code='a'>African American women authors.</subfield></datafield><datafield ind1=' ' ind2='7' tag='650'><subfield code='a'>African American women authors</subfield><subfield code='2'>fast</subfield><subfield code='0'>(OCoLC)fst00799477</subfield></datafield><datafield ind1=' ' ind2='7' tag='650'><subfield code='a'>Women authors</subfield><subfield code='2'>fast</subfield><subfield code='0'>(OCoLC)fst01177198</subfield></datafield><datafield ind1='1' ind2=' ' tag='899'><subfield code='a'>CULectures</subfield></datafield><datafield ind1=' ' ind2=' ' tag='905'><subfield code='a'>19991217120000.0</subfield></datafield><datafield ind1='2' ind2=' ' tag='948'><subfield code='a'>20141221</subfield><subfield code='b'>m</subfield><subfield code='d'>batch</subfield><subfield code='e'>lts</subfield><subfield code='x'>addfast</subfield></datafield></record>